<?xml version="1.0" encoding="UTF-8"?><collection xmlns="http://www.loc.gov/MARC21/slim"><record><leader>00493nam--2200181-u-4500</leader><controlfield tag="001">000050551</controlfield><controlfield tag="002">20161230</controlfield><controlfield tag="005">20161230201048</controlfield><controlfield tag="008">070911s1000------------r-----000-0-eng-d</controlfield><datafield ind1=" " ind2=" " tag="040"><subfield code="a">1290</subfield></datafield><datafield ind1=" " ind2=" " tag="041"><subfield code="a">rus</subfield></datafield><datafield ind1="1" ind2=" " tag="100"><subfield code="a">Shanina,N.A</subfield></datafield><datafield ind1="1" ind2="0" tag="245"><subfield code="a">Problemy Konstruktivnogo Napravleniya v Matematike 3</subfield></datafield><datafield ind1=" " ind2=" " tag="260"><subfield code="a">Moskva</subfield><subfield code="b">Izdatekstvo Nauka</subfield><subfield code="c">1964</subfield></datafield><datafield ind1=" " ind2=" " tag="300"><subfield code="a">544 p</subfield></datafield><datafield ind1=" " ind2=" " tag="490"><subfield code="a">Trudy Matematicheskogo Instituta Imeni V.A.Steklova</subfield><subfield code="v">Vol.LXXII</subfield></datafield><datafield ind1=" " ind2=" " tag="852"><subfield code="c">51</subfield></datafield><datafield ind1=" " ind2=" " tag="CAT"><subfield code="a">Sys</subfield><subfield code="c">20070911</subfield><subfield code="h">104306</subfield></datafield></record></collection>